%YAML 1.1
%TAG !u! tag:unity3d.com,2011:
--- !u!243 &-3831253326303059524
AudioMixerGroupController:
  m_ObjectHideFlags: 0
  m_CorrespondingSourceObject: {fileID: 0}
  m_PrefabInstance: {fileID: 0}
  m_PrefabAsset: {fileID: 0}
  m_Name: Plane
  m_AudioMixer: {fileID: 24100000}
  m_GroupID: b240de033feca19468794b0305012d87
  m_Children: []
  m_Volume: 8e2ab82b98ca6524b898137eb6c165e9
  m_Pitch: 54b2258297468a5479da34a61bbe686c
  m_Send: 00000000000000000000000000000000
  m_Effects:
  - {fileID: 4089123434729654334}
  m_UserColorIndex: 0
  m_Mute: 0
  m_Solo: 0
  m_BypassEffects: 0
--- !u!241 &24100000
AudioMixerController:
  m_ObjectHideFlags: 0
  m_CorrespondingSourceObject: {fileID: 0}
  m_PrefabInstance: {fileID: 0}
  m_PrefabAsset: {fileID: 0}
  m_Name: Environment
  m_OutputGroup: {fileID: 24300002, guid: d77ae1f10208a594aa2819e29a3fd06e, type: 2}
  m_MasterGroup: {fileID: 24300002}
  m_Snapshots:
  - {fileID: 24500006}
  m_StartSnapshot: {fileID: 24500006}
  m_SuspendThreshold: -80
  m_EnableSuspend: 1
  m_UpdateMode: 0
  m_ExposedParameters: []
  m_AudioMixerGroupViews:
  - guids:
    - 560ca81919aecb44eb2d22ec2ecdb18e
    - b240de033feca19468794b0305012d87
    name: View
  m_CurrentViewIndex: 0
  m_TargetSnapshot: {fileID: 24500006}
--- !u!243 &24300002
AudioMixerGroupController:
  m_ObjectHideFlags: 0
  m_CorrespondingSourceObject: {fileID: 0}
  m_PrefabInstance: {fileID: 0}
  m_PrefabAsset: {fileID: 0}
  m_Name: Master
  m_AudioMixer: {fileID: 24100000}
  m_GroupID: 560ca81919aecb44eb2d22ec2ecdb18e
  m_Children:
  - {fileID: -3831253326303059524}
  m_Volume: e05dcd15fc0450c4299c804c0ed66cdc
  m_Pitch: 4a9e6a47c00c61f4cae2d58e4fe958d3
  m_Send: 00000000000000000000000000000000
  m_Effects:
  - {fileID: 24400004}
  m_UserColorIndex: 0
  m_Mute: 0
  m_Solo: 0
  m_BypassEffects: 0
--- !u!244 &24400004
AudioMixerEffectController:
  m_ObjectHideFlags: 3
  m_CorrespondingSourceObject: {fileID: 0}
  m_PrefabInstance: {fileID: 0}
  m_PrefabAsset: {fileID: 0}
  m_Name: 
  m_EffectID: 47713759c413a344d98bddbd61e68cdd
  m_EffectName: Attenuation
  m_MixLevel: 43031ac1664a5584a8d2a331bfb2b660
  m_Parameters: []
  m_SendTarget: {fileID: 0}
  m_EnableWetMix: 0
  m_Bypass: 0
--- !u!245 &24500006
AudioMixerSnapshotController:
  m_ObjectHideFlags: 0
  m_CorrespondingSourceObject: {fileID: 0}
  m_PrefabInstance: {fileID: 0}
  m_PrefabAsset: {fileID: 0}
  m_Name: Snapshot
  m_AudioMixer: {fileID: 24100000}
  m_SnapshotID: d1f3cf7b2aae5134887286dec27bf3d5
  m_FloatValues:
    8e2ab82b98ca6524b898137eb6c165e9: 4.047786
  m_TransitionOverrides: {}
--- !u!244 &4089123434729654334
AudioMixerEffectController:
  m_ObjectHideFlags: 3
  m_CorrespondingSourceObject: {fileID: 0}
  m_PrefabInstance: {fileID: 0}
  m_PrefabAsset: {fileID: 0}
  m_Name: 
  m_EffectID: 80ac1b03a987a2c4194f30b08c05c213
  m_EffectName: Attenuation
  m_MixLevel: 68dd4e13538f6a24db3aa1a7ae5ed201
  m_Parameters: []
  m_SendTarget: {fileID: 0}
  m_EnableWetMix: 0
  m_Bypass: 0
