%YAML 1.1
%TAG !u! tag:unity3d.com,2011:
--- !u!29 &1
OcclusionCullingSettings:
  m_ObjectHideFlags: 0
  serializedVersion: 2
  m_OcclusionBakeSettings:
    smallestOccluder: 5
    smallestHole: 0.25
    backfaceThreshold: 100
  m_SceneGUID: 00000000000000000000000000000000
  m_OcclusionCullingData: {fileID: 0}
--- !u!104 &2
RenderSettings:
  m_ObjectHideFlags: 0
  serializedVersion: 9
  m_Fog: 0
  m_FogColor: {r: 0.5, g: 0.5, b: 0.5, a: 1}
  m_FogMode: 3
  m_FogDensity: 0.01
  m_LinearFogStart: 0
  m_LinearFogEnd: 300
  m_AmbientSkyColor: {r: 0.212, g: 0.227, b: 0.259, a: 1}
  m_AmbientEquatorColor: {r: 0.114, g: 0.125, b: 0.133, a: 1}
  m_AmbientGroundColor: {r: 0.047, g: 0.043, b: 0.035, a: 1}
  m_AmbientIntensity: 1
  m_AmbientMode: 0
  m_SubtractiveShadowColor: {r: 0.42, g: 0.478, b: 0.627, a: 1}
  m_SkyboxMaterial: {fileID: 10304, guid: 0000000000000000f000000000000000, type: 0}
  m_HaloStrength: 0.5
  m_FlareStrength: 1
  m_FlareFadeSpeed: 3
  m_HaloTexture: {fileID: 0}
  m_SpotCookie: {fileID: 10001, guid: 0000000000000000e000000000000000, type: 0}
  m_DefaultReflectionMode: 0
  m_DefaultReflectionResolution: 128
  m_ReflectionBounces: 1
  m_ReflectionIntensity: 1
  m_CustomReflection: {fileID: 0}
  m_Sun: {fileID: 0}
  m_IndirectSpecularColor: {r: 0.44657844, g: 0.49641222, b: 0.57481694, a: 1}
  m_UseRadianceAmbientProbe: 0
--- !u!157 &3
LightmapSettings:
  m_ObjectHideFlags: 0
  serializedVersion: 11
  m_GIWorkflowMode: 0
  m_GISettings:
    serializedVersion: 2
    m_BounceScale: 1
    m_IndirectOutputScale: 1
    m_AlbedoBoost: 1
    m_EnvironmentLightingMode: 0
    m_EnableBakedLightmaps: 1
    m_EnableRealtimeLightmaps: 1
  m_LightmapEditorSettings:
    serializedVersion: 10
    m_Resolution: 2
    m_BakeResolution: 40
    m_AtlasSize: 1024
    m_AO: 0
    m_AOMaxDistance: 1
    m_CompAOExponent: 1
    m_CompAOExponentDirect: 0
    m_Padding: 2
    m_LightmapParameters: {fileID: 0}
    m_LightmapsBakeMode: 1
    m_TextureCompression: 1
    m_FinalGather: 0
    m_FinalGatherFiltering: 1
    m_FinalGatherRayCount: 256
    m_ReflectionCompression: 2
    m_MixedBakeMode: 2
    m_BakeBackend: 1
    m_PVRSampling: 1
    m_PVRDirectSampleCount: 32
    m_PVRSampleCount: 500
    m_PVRBounces: 2
    m_PVRFilterTypeDirect: 0
    m_PVRFilterTypeIndirect: 0
    m_PVRFilterTypeAO: 0
    m_PVRFilteringMode: 1
    m_PVRCulling: 1
    m_PVRFilteringGaussRadiusDirect: 1
    m_PVRFilteringGaussRadiusIndirect: 5
    m_PVRFilteringGaussRadiusAO: 2
    m_PVRFilteringAtrousPositionSigmaDirect: 0.5
    m_PVRFilteringAtrousPositionSigmaIndirect: 2
    m_PVRFilteringAtrousPositionSigmaAO: 1
    m_ShowResolutionOverlay: 1
  m_LightingDataAsset: {fileID: 0}
  m_UseShadowmask: 1
--- !u!196 &4
NavMeshSettings:
  serializedVersion: 2
  m_ObjectHideFlags: 0
  m_BuildSettings:
    serializedVersion: 2
    agentTypeID: 0
    agentRadius: 0.5
    agentHeight: 2
    agentSlope: 45
    agentClimb: 0.4
    ledgeDropHeight: 0
    maxJumpAcrossDistance: 0
    minRegionArea: 2
    manualCellSize: 0
    cellSize: 0.16666667
    manualTileSize: 0
    tileSize: 256
    accuratePlacement: 0
    debug:
      m_Flags: 0
  m_NavMeshData: {fileID: 0}
--- !u!1001 &347765089
PrefabInstance:
  m_ObjectHideFlags: 0
  serializedVersion: 2
  m_Modification:
    m_TransformParent: {fileID: 0}
    m_Modifications:
    - target: {fileID: 950702685, guid: 94da3aeaaac7d5f4f9d026213c2c9969, type: 3}
      propertyPath: m_Name
      value: TableWithArts
      objectReference: {fileID: 0}
    - target: {fileID: 950702681, guid: 94da3aeaaac7d5f4f9d026213c2c9969, type: 3}
      propertyPath: m_LocalPosition.x
      value: 3.4503634
      objectReference: {fileID: 0}
    - target: {fileID: 950702681, guid: 94da3aeaaac7d5f4f9d026213c2c9969, type: 3}
      propertyPath: m_LocalPosition.y
      value: -7.7207756
      objectReference: {fileID: 0}
    - target: {fileID: 950702681, guid: 94da3aeaaac7d5f4f9d026213c2c9969, type: 3}
      propertyPath: m_LocalPosition.z
      value: -20.854347
      objectReference: {fileID: 0}
    - target: {fileID: 950702681, guid: 94da3aeaaac7d5f4f9d026213c2c9969, type: 3}
      propertyPath: m_LocalRotation.x
      value: 0
      objectReference: {fileID: 0}
    - target: {fileID: 950702681, guid: 94da3aeaaac7d5f4f9d026213c2c9969, type: 3}
      propertyPath: m_LocalRotation.y
      value: 0
      objectReference: {fileID: 0}
    - target: {fileID: 950702681, guid: 94da3aeaaac7d5f4f9d026213c2c9969, type: 3}
      propertyPath: m_LocalRotation.z
      value: 0
      objectReference: {fileID: 0}
    - target: {fileID: 950702681, guid: 94da3aeaaac7d5f4f9d026213c2c9969, type: 3}
      propertyPath: m_LocalRotation.w
      value: 1
      objectReference: {fileID: 0}
    - target: {fileID: 950702681, guid: 94da3aeaaac7d5f4f9d026213c2c9969, type: 3}
      propertyPath: m_RootOrder
      value: 3
      objectReference: {fileID: 0}
    - target: {fileID: 950702681, guid: 94da3aeaaac7d5f4f9d026213c2c9969, type: 3}
      propertyPath: m_LocalEulerAnglesHint.x
      value: 0
      objectReference: {fileID: 0}
    - target: {fileID: 950702681, guid: 94da3aeaaac7d5f4f9d026213c2c9969, type: 3}
      propertyPath: m_LocalEulerAnglesHint.y
      value: 0
      objectReference: {fileID: 0}
    - target: {fileID: 950702681, guid: 94da3aeaaac7d5f4f9d026213c2c9969, type: 3}
      propertyPath: m_LocalEulerAnglesHint.z
      value: 0
      objectReference: {fileID: 0}
    - target: {fileID: 3193807805735784433, guid: 94da3aeaaac7d5f4f9d026213c2c9969,
        type: 3}
      propertyPath: m_havePropertiesChanged
      value: 1
      objectReference: {fileID: 0}
    - target: {fileID: 3193807805735784433, guid: 94da3aeaaac7d5f4f9d026213c2c9969,
        type: 3}
      propertyPath: m_isInputParsingRequired
      value: 1
      objectReference: {fileID: 0}
    - target: {fileID: 4620557409961554084, guid: 94da3aeaaac7d5f4f9d026213c2c9969,
        type: 3}
      propertyPath: m_Mesh
      value: 
      objectReference: {fileID: 0}
    m_RemovedComponents: []
  m_SourcePrefab: {fileID: 100100000, guid: 94da3aeaaac7d5f4f9d026213c2c9969, type: 3}
--- !u!1001 &987910882
PrefabInstance:
  m_ObjectHideFlags: 0
  serializedVersion: 2
  m_Modification:
    m_TransformParent: {fileID: 0}
    m_Modifications:
    - target: {fileID: 1259457225, guid: c709d4dcb657f4b4eb803863e5b145c9, type: 3}
      propertyPath: m_Name
      value: projector
      objectReference: {fileID: 0}
    - target: {fileID: 1556960102020431105, guid: c709d4dcb657f4b4eb803863e5b145c9,
        type: 3}
      propertyPath: m_havePropertiesChanged
      value: 1
      objectReference: {fileID: 0}
    - target: {fileID: 1556960102020431105, guid: c709d4dcb657f4b4eb803863e5b145c9,
        type: 3}
      propertyPath: m_isInputParsingRequired
      value: 1
      objectReference: {fileID: 0}
    - target: {fileID: 1237327352891886036, guid: c709d4dcb657f4b4eb803863e5b145c9,
        type: 3}
      propertyPath: m_Mesh
      value: 
      objectReference: {fileID: 0}
    - target: {fileID: 6622190479166794701, guid: c709d4dcb657f4b4eb803863e5b145c9,
        type: 3}
      propertyPath: m_havePropertiesChanged
      value: 1
      objectReference: {fileID: 0}
    - target: {fileID: 6622190479166794701, guid: c709d4dcb657f4b4eb803863e5b145c9,
        type: 3}
      propertyPath: m_isInputParsingRequired
      value: 1
      objectReference: {fileID: 0}
    - target: {fileID: 6869695302021488408, guid: c709d4dcb657f4b4eb803863e5b145c9,
        type: 3}
      propertyPath: m_Mesh
      value: 
      objectReference: {fileID: 0}
    - target: {fileID: 7521888054406000744, guid: c709d4dcb657f4b4eb803863e5b145c9,
        type: 3}
      propertyPath: m_havePropertiesChanged
      value: 1
      objectReference: {fileID: 0}
    - target: {fileID: 7521888054406000744, guid: c709d4dcb657f4b4eb803863e5b145c9,
        type: 3}
      propertyPath: m_isInputParsingRequired
      value: 1
      objectReference: {fileID: 0}
    - target: {fileID: 7841801628108932285, guid: c709d4dcb657f4b4eb803863e5b145c9,
        type: 3}
      propertyPath: m_Mesh
      value: 
      objectReference: {fileID: 0}
    - target: {fileID: 6472864908295481417, guid: c709d4dcb657f4b4eb803863e5b145c9,
        type: 3}
      propertyPath: m_havePropertiesChanged
      value: 1
      objectReference: {fileID: 0}
    - target: {fileID: 6472864908295481417, guid: c709d4dcb657f4b4eb803863e5b145c9,
        type: 3}
      propertyPath: m_isInputParsingRequired
      value: 1
      objectReference: {fileID: 0}
    - target: {fileID: 6729657724949748892, guid: c709d4dcb657f4b4eb803863e5b145c9,
        type: 3}
      propertyPath: m_Mesh
      value: 
      objectReference: {fileID: 0}
    - target: {fileID: 91383960, guid: c709d4dcb657f4b4eb803863e5b145c9, type: 3}
      propertyPath: m_LocalPosition.x
      value: 10.366727
      objectReference: {fileID: 0}
    - target: {fileID: 91383960, guid: c709d4dcb657f4b4eb803863e5b145c9, type: 3}
      propertyPath: m_LocalPosition.y
      value: -8.059471
      objectReference: {fileID: 0}
    - target: {fileID: 91383960, guid: c709d4dcb657f4b4eb803863e5b145c9, type: 3}
      propertyPath: m_LocalPosition.z
      value: -21.02
      objectReference: {fileID: 0}
    - target: {fileID: 91383960, guid: c709d4dcb657f4b4eb803863e5b145c9, type: 3}
      propertyPath: m_LocalRotation.x
      value: 0
      objectReference: {fileID: 0}
    - target: {fileID: 91383960, guid: c709d4dcb657f4b4eb803863e5b145c9, type: 3}
      propertyPath: m_LocalRotation.y
      value: 0
      objectReference: {fileID: 0}
    - target: {fileID: 91383960, guid: c709d4dcb657f4b4eb803863e5b145c9, type: 3}
      propertyPath: m_LocalRotation.z
      value: 0
      objectReference: {fileID: 0}
    - target: {fileID: 91383960, guid: c709d4dcb657f4b4eb803863e5b145c9, type: 3}
      propertyPath: m_LocalRotation.w
      value: 1
      objectReference: {fileID: 0}
    - target: {fileID: 91383960, guid: c709d4dcb657f4b4eb803863e5b145c9, type: 3}
      propertyPath: m_RootOrder
      value: 1
      objectReference: {fileID: 0}
    - target: {fileID: 91383960, guid: c709d4dcb657f4b4eb803863e5b145c9, type: 3}
      propertyPath: m_LocalEulerAnglesHint.x
      value: 0
      objectReference: {fileID: 0}
    - target: {fileID: 91383960, guid: c709d4dcb657f4b4eb803863e5b145c9, type: 3}
      propertyPath: m_LocalEulerAnglesHint.y
      value: 0
      objectReference: {fileID: 0}
    - target: {fileID: 91383960, guid: c709d4dcb657f4b4eb803863e5b145c9, type: 3}
      propertyPath: m_LocalEulerAnglesHint.z
      value: 0
      objectReference: {fileID: 0}
    - target: {fileID: 4978233801965635872, guid: c709d4dcb657f4b4eb803863e5b145c9,
        type: 3}
      propertyPath: m_havePropertiesChanged
      value: 1
      objectReference: {fileID: 0}
    - target: {fileID: 4978233801965635872, guid: c709d4dcb657f4b4eb803863e5b145c9,
        type: 3}
      propertyPath: m_isInputParsingRequired
      value: 1
      objectReference: {fileID: 0}
    - target: {fileID: 321134372487247576, guid: c709d4dcb657f4b4eb803863e5b145c9,
        type: 3}
      propertyPath: m_Mesh
      value: 
      objectReference: {fileID: 0}
    m_RemovedComponents: []
  m_SourcePrefab: {fileID: 100100000, guid: c709d4dcb657f4b4eb803863e5b145c9, type: 3}
--- !u!1 &1016132536
GameObject:
  m_ObjectHideFlags: 0
  m_CorrespondingSourceObject: {fileID: 0}
  m_PrefabInstance: {fileID: 0}
  m_PrefabAsset: {fileID: 0}
  serializedVersion: 6
  m_Component:
  - component: {fileID: 1016132538}
  - component: {fileID: 1016132537}
  m_Layer: 0
  m_Name: Directional Light
  m_TagString: Untagged
  m_Icon: {fileID: 0}
  m_NavMeshLayer: 0
  m_StaticEditorFlags: 0
  m_IsActive: 1
--- !u!108 &1016132537
Light:
  m_ObjectHideFlags: 0
  m_CorrespondingSourceObject: {fileID: 0}
  m_PrefabInstance: {fileID: 0}
  m_PrefabAsset: {fileID: 0}
  m_GameObject: {fileID: 1016132536}
  m_Enabled: 1
  serializedVersion: 8
  m_Type: 1
  m_Color: {r: 1, g: 0.95686275, b: 0.8392157, a: 1}
  m_Intensity: 1
  m_Range: 10
  m_SpotAngle: 30
  m_CookieSize: 10
  m_Shadows:
    m_Type: 2
    m_Resolution: -1
    m_CustomResolution: -1
    m_Strength: 1
    m_Bias: 0.05
    m_NormalBias: 0.4
    m_NearPlane: 0.2
  m_Cookie: {fileID: 0}
  m_DrawHalo: 0
  m_Flare: {fileID: 0}
  m_RenderMode: 0
  m_CullingMask:
    serializedVersion: 2
    m_Bits: 4294967295
  m_Lightmapping: 4
  m_LightShadowCasterMode: 0
  m_AreaSize: {x: 1, y: 1}
  m_BounceIntensity: 1
  m_ColorTemperature: 6570
  m_UseColorTemperature: 0
  m_ShadowRadius: 0
  m_ShadowAngle: 0
--- !u!4 &1016132538
Transform:
  m_ObjectHideFlags: 0
  m_CorrespondingSourceObject: {fileID: 0}
  m_PrefabInstance: {fileID: 0}
  m_PrefabAsset: {fileID: 0}
  m_GameObject: {fileID: 1016132536}
  m_LocalRotation: {x: 0.40821788, y: -0.23456968, z: 0.10938163, w: 0.8754261}
  m_LocalPosition: {x: 0, y: 3, z: 0}
  m_LocalScale: {x: 1, y: 1, z: 1}
  m_Children: []
  m_Father: {fileID: 0}
  m_RootOrder: 8
  m_LocalEulerAnglesHint: {x: 50, y: -30, z: 0}
--- !u!1 &1207208417 stripped
GameObject:
  m_CorrespondingSourceObject: {fileID: 4054240013449059233, guid: 94da3aeaaac7d5f4f9d026213c2c9969,
    type: 3}
  m_PrefabInstance: {fileID: 347765089}
  m_PrefabAsset: {fileID: 0}
--- !u!1001 &1236193299
PrefabInstance:
  m_ObjectHideFlags: 0
  serializedVersion: 2
  m_Modification:
    m_TransformParent: {fileID: 0}
    m_Modifications:
    - target: {fileID: 5126084025090929255, guid: a823592437cf65940addccda8956103a,
        type: 3}
      propertyPath: m_Name
      value: BatteryPack
      objectReference: {fileID: 0}
    - target: {fileID: 6554902791082597761, guid: a823592437cf65940addccda8956103a,
        type: 3}
      propertyPath: m_LocalPosition.x
      value: 7.45
      objectReference: {fileID: 0}
    - target: {fileID: 6554902791082597761, guid: a823592437cf65940addccda8956103a,
        type: 3}
      propertyPath: m_LocalPosition.y
      value: -7.69
      objectReference: {fileID: 0}
    - target: {fileID: 6554902791082597761, guid: a823592437cf65940addccda8956103a,
        type: 3}
      propertyPath: m_LocalPosition.z
      value: -20.35
      objectReference: {fileID: 0}
    - target: {fileID: 6554902791082597761, guid: a823592437cf65940addccda8956103a,
        type: 3}
      propertyPath: m_LocalRotation.x
      value: 0
      objectReference: {fileID: 0}
    - target: {fileID: 6554902791082597761, guid: a823592437cf65940addccda8956103a,
        type: 3}
      propertyPath: m_LocalRotation.y
      value: 1
      objectReference: {fileID: 0}
    - target: {fileID: 6554902791082597761, guid: a823592437cf65940addccda8956103a,
        type: 3}
      propertyPath: m_LocalRotation.z
      value: 0
      objectReference: {fileID: 0}
    - target: {fileID: 6554902791082597761, guid: a823592437cf65940addccda8956103a,
        type: 3}
      propertyPath: m_LocalRotation.w
      value: 0
      objectReference: {fileID: 0}
    - target: {fileID: 6554902791082597761, guid: a823592437cf65940addccda8956103a,
        type: 3}
      propertyPath: m_RootOrder
      value: 2
      objectReference: {fileID: 0}
    - target: {fileID: 6554902791082597761, guid: a823592437cf65940addccda8956103a,
        type: 3}
      propertyPath: m_LocalEulerAnglesHint.x
      value: 0
      objectReference: {fileID: 0}
    - target: {fileID: 6554902791082597761, guid: a823592437cf65940addccda8956103a,
        type: 3}
      propertyPath: m_LocalEulerAnglesHint.y
      value: 180
      objectReference: {fileID: 0}
    - target: {fileID: 6554902791082597761, guid: a823592437cf65940addccda8956103a,
        type: 3}
      propertyPath: m_LocalEulerAnglesHint.z
      value: 0
      objectReference: {fileID: 0}
    - target: {fileID: 4829503169287328512, guid: a823592437cf65940addccda8956103a,
        type: 3}
      propertyPath: _CorrectCubeItem
      value: 
      objectReference: {fileID: 1914713957}
    - target: {fileID: 8256042560965812138, guid: a823592437cf65940addccda8956103a,
        type: 3}
      propertyPath: _CorrectCubeItem
      value: 
      objectReference: {fileID: 1311579236}
    - target: {fileID: 3621424691410950117, guid: a823592437cf65940addccda8956103a,
        type: 3}
      propertyPath: _CorrectCubeItem
      value: 
      objectReference: {fileID: 1207208417}
    m_RemovedComponents: []
  m_SourcePrefab: {fileID: 100100000, guid: a823592437cf65940addccda8956103a, type: 3}
--- !u!1 &1311579236 stripped
GameObject:
  m_CorrespondingSourceObject: {fileID: 4978233801965635875, guid: c709d4dcb657f4b4eb803863e5b145c9,
    type: 3}
  m_PrefabInstance: {fileID: 987910882}
  m_PrefabAsset: {fileID: 0}
--- !u!1 &1445485073
GameObject:
  m_ObjectHideFlags: 0
  m_CorrespondingSourceObject: {fileID: 0}
  m_PrefabInstance: {fileID: 0}
  m_PrefabAsset: {fileID: 0}
  serializedVersion: 6
  m_Component:
  - component: {fileID: 1445485076}
  - component: {fileID: 1445485075}
  - component: {fileID: 1445485074}
  m_Layer: 0
  m_Name: Main Camera
  m_TagString: MainCamera
  m_Icon: {fileID: 0}
  m_NavMeshLayer: 0
  m_StaticEditorFlags: 0
  m_IsActive: 1
--- !u!81 &1445485074
AudioListener:
  m_ObjectHideFlags: 0
  m_CorrespondingSourceObject: {fileID: 0}
  m_PrefabInstance: {fileID: 0}
  m_PrefabAsset: {fileID: 0}
  m_GameObject: {fileID: 1445485073}
  m_Enabled: 1
--- !u!20 &1445485075
Camera:
  m_ObjectHideFlags: 0
  m_CorrespondingSourceObject: {fileID: 0}
  m_PrefabInstance: {fileID: 0}
  m_PrefabAsset: {fileID: 0}
  m_GameObject: {fileID: 1445485073}
  m_Enabled: 1
  serializedVersion: 2
  m_ClearFlags: 1
  m_BackGroundColor: {r: 0.19215687, g: 0.3019608, b: 0.4745098, a: 0}
  m_projectionMatrixMode: 1
  m_SensorSize: {x: 36, y: 24}
  m_LensShift: {x: 0, y: 0}
  m_GateFitMode: 2
  m_FocalLength: 50
  m_NormalizedViewPortRect:
    serializedVersion: 2
    x: 0
    y: 0
    width: 1
    height: 1
  near clip plane: 0.3
  far clip plane: 1000
  field of view: 60
  orthographic: 0
  orthographic size: 5
  m_Depth: -1
  m_CullingMask:
    serializedVersion: 2
    m_Bits: 4294967295
  m_RenderingPath: -1
  m_TargetTexture: {fileID: 0}
  m_TargetDisplay: 0
  m_TargetEye: 3
  m_HDR: 1
  m_AllowMSAA: 1
  m_AllowDynamicResolution: 0
  m_ForceIntoRT: 0
  m_OcclusionCulling: 1
  m_StereoConvergence: 10
  m_StereoSeparation: 0.022
--- !u!4 &1445485076
Transform:
  m_ObjectHideFlags: 0
  m_CorrespondingSourceObject: {fileID: 0}
  m_PrefabInstance: {fileID: 0}
  m_PrefabAsset: {fileID: 0}
  m_GameObject: {fileID: 1445485073}
  m_LocalRotation: {x: 0.007243902, y: 0.99027205, z: -0.12694848, w: 0.05650667}
  m_LocalPosition: {x: 6.2109804, y: -4.8924737, z: -15.975986}
  m_LocalScale: {x: 1, y: 1, z: 1}
  m_Children: []
  m_Father: {fileID: 0}
  m_RootOrder: 0
  m_LocalEulerAnglesHint: {x: 0, y: 0, z: 0}
--- !u!1001 &1497198354
PrefabInstance:
  m_ObjectHideFlags: 0
  serializedVersion: 2
  m_Modification:
    m_TransformParent: {fileID: 0}
    m_Modifications:
    - target: {fileID: 7690052524593889287, guid: af7e795aa6d37dc45879cd5a37b61bfe,
        type: 3}
      propertyPath: m_Name
      value: ConsoleGame
      objectReference: {fileID: 0}
    - target: {fileID: 7690052524593889304, guid: af7e795aa6d37dc45879cd5a37b61bfe,
        type: 3}
      propertyPath: m_LocalPosition.x
      value: -2.12
      objectReference: {fileID: 0}
    - target: {fileID: 7690052524593889304, guid: af7e795aa6d37dc45879cd5a37b61bfe,
        type: 3}
      propertyPath: m_LocalPosition.y
      value: -7.6053624
      objectReference: {fileID: 0}
    - target: {fileID: 7690052524593889304, guid: af7e795aa6d37dc45879cd5a37b61bfe,
        type: 3}
      propertyPath: m_LocalPosition.z
      value: -20.024647
      objectReference: {fileID: 0}
    - target: {fileID: 7690052524593889304, guid: af7e795aa6d37dc45879cd5a37b61bfe,
        type: 3}
      propertyPath: m_LocalRotation.x
      value: 0
      objectReference: {fileID: 0}
    - target: {fileID: 7690052524593889304, guid: af7e795aa6d37dc45879cd5a37b61bfe,
        type: 3}
      propertyPath: m_LocalRotation.y
      value: 0
      objectReference: {fileID: 0}
    - target: {fileID: 7690052524593889304, guid: af7e795aa6d37dc45879cd5a37b61bfe,
        type: 3}
      propertyPath: m_LocalRotation.z
      value: 0
      objectReference: {fileID: 0}
    - target: {fileID: 7690052524593889304, guid: af7e795aa6d37dc45879cd5a37b61bfe,
        type: 3}
      propertyPath: m_LocalRotation.w
      value: 1
      objectReference: {fileID: 0}
    - target: {fileID: 7690052524593889304, guid: af7e795aa6d37dc45879cd5a37b61bfe,
        type: 3}
      propertyPath: m_RootOrder
      value: 5
      objectReference: {fileID: 0}
    - target: {fileID: 7690052524593889304, guid: af7e795aa6d37dc45879cd5a37b61bfe,
        type: 3}
      propertyPath: m_LocalEulerAnglesHint.x
      value: 0
      objectReference: {fileID: 0}
    - target: {fileID: 7690052524593889304, guid: af7e795aa6d37dc45879cd5a37b61bfe,
        type: 3}
      propertyPath: m_LocalEulerAnglesHint.y
      value: 0
      objectReference: {fileID: 0}
    - target: {fileID: 7690052524593889304, guid: af7e795aa6d37dc45879cd5a37b61bfe,
        type: 3}
      propertyPath: m_LocalEulerAnglesHint.z
      value: 0
      objectReference: {fileID: 0}
    - target: {fileID: 7690052525376906621, guid: af7e795aa6d37dc45879cd5a37b61bfe,
        type: 3}
      propertyPath: m_Mesh
      value: 
      objectReference: {fileID: 0}
    - target: {fileID: 7690052525376906619, guid: af7e795aa6d37dc45879cd5a37b61bfe,
        type: 3}
      propertyPath: m_havePropertiesChanged
      value: 1
      objectReference: {fileID: 0}
    - target: {fileID: 7690052525376906619, guid: af7e795aa6d37dc45879cd5a37b61bfe,
        type: 3}
      propertyPath: m_isInputParsingRequired
      value: 1
      objectReference: {fileID: 0}
    - target: {fileID: 7690052526124517074, guid: af7e795aa6d37dc45879cd5a37b61bfe,
        type: 3}
      propertyPath: m_Mesh
      value: 
      objectReference: {fileID: 0}
    - target: {fileID: 7690052526124517072, guid: af7e795aa6d37dc45879cd5a37b61bfe,
        type: 3}
      propertyPath: m_havePropertiesChanged
      value: 1
      objectReference: {fileID: 0}
    - target: {fileID: 7690052526124517072, guid: af7e795aa6d37dc45879cd5a37b61bfe,
        type: 3}
      propertyPath: m_isInputParsingRequired
      value: 1
      objectReference: {fileID: 0}
    m_RemovedComponents: []
  m_SourcePrefab: {fileID: 100100000, guid: af7e795aa6d37dc45879cd5a37b61bfe, type: 3}
--- !u!1001 &1597307200
PrefabInstance:
  m_ObjectHideFlags: 0
  serializedVersion: 2
  m_Modification:
    m_TransformParent: {fileID: 0}
    m_Modifications:
    - target: {fileID: 437325230100240151, guid: 32ac6f7f80506df488d35ae0c8d9bfb9,
        type: 3}
      propertyPath: m_havePropertiesChanged
      value: 1
      objectReference: {fileID: 0}
    - target: {fileID: 437325230100240151, guid: 32ac6f7f80506df488d35ae0c8d9bfb9,
        type: 3}
      propertyPath: m_isInputParsingRequired
      value: 1
      objectReference: {fileID: 0}
    - target: {fileID: 2323004895618408457, guid: 32ac6f7f80506df488d35ae0c8d9bfb9,
        type: 3}
      propertyPath: m_Name
      value: Cube01
      objectReference: {fileID: 0}
    - target: {fileID: 1670512900446609264, guid: 32ac6f7f80506df488d35ae0c8d9bfb9,
        type: 3}
      propertyPath: m_Mesh
      value: 
      objectReference: {fileID: 0}
    - target: {fileID: 5261786757049278408, guid: 32ac6f7f80506df488d35ae0c8d9bfb9,
        type: 3}
      propertyPath: m_LocalPosition.x
      value: 7.169625
      objectReference: {fileID: 0}
    - target: {fileID: 5261786757049278408, guid: 32ac6f7f80506df488d35ae0c8d9bfb9,
        type: 3}
      propertyPath: m_LocalPosition.y
      value: -5.927434
      objectReference: {fileID: 0}
    - target: {fileID: 5261786757049278408, guid: 32ac6f7f80506df488d35ae0c8d9bfb9,
        type: 3}
      propertyPath: m_LocalPosition.z
      value: -19.903788
      objectReference: {fileID: 0}
    - target: {fileID: 5261786757049278408, guid: 32ac6f7f80506df488d35ae0c8d9bfb9,
        type: 3}
      propertyPath: m_LocalRotation.x
      value: 0
      objectReference: {fileID: 0}
    - target: {fileID: 5261786757049278408, guid: 32ac6f7f80506df488d35ae0c8d9bfb9,
        type: 3}
      propertyPath: m_LocalRotation.y
      value: 0
      objectReference: {fileID: 0}
    - target: {fileID: 5261786757049278408, guid: 32ac6f7f80506df488d35ae0c8d9bfb9,
        type: 3}
      propertyPath: m_LocalRotation.z
      value: 0
      objectReference: {fileID: 0}
    - target: {fileID: 5261786757049278408, guid: 32ac6f7f80506df488d35ae0c8d9bfb9,
        type: 3}
      propertyPath: m_LocalRotation.w
      value: 1
      objectReference: {fileID: 0}
    - target: {fileID: 5261786757049278408, guid: 32ac6f7f80506df488d35ae0c8d9bfb9,
        type: 3}
      propertyPath: m_RootOrder
      value: 4
      objectReference: {fileID: 0}
    - target: {fileID: 5261786757049278408, guid: 32ac6f7f80506df488d35ae0c8d9bfb9,
        type: 3}
      propertyPath: m_LocalEulerAnglesHint.x
      value: 0
      objectReference: {fileID: 0}
    - target: {fileID: 5261786757049278408, guid: 32ac6f7f80506df488d35ae0c8d9bfb9,
        type: 3}
      propertyPath: m_LocalEulerAnglesHint.y
      value: 0
      objectReference: {fileID: 0}
    - target: {fileID: 5261786757049278408, guid: 32ac6f7f80506df488d35ae0c8d9bfb9,
        type: 3}
      propertyPath: m_LocalEulerAnglesHint.z
      value: 0
      objectReference: {fileID: 0}
    m_RemovedComponents: []
  m_SourcePrefab: {fileID: 100100000, guid: 32ac6f7f80506df488d35ae0c8d9bfb9, type: 3}
--- !u!1001 &1706805847
PrefabInstance:
  m_ObjectHideFlags: 0
  serializedVersion: 2
  m_Modification:
    m_TransformParent: {fileID: 0}
    m_Modifications:
    - target: {fileID: 1628360361311987677, guid: 2dc2d24e3a34cd044be955c5f223d555,
        type: 3}
      propertyPath: m_Name
      value: Computer_station
      objectReference: {fileID: 0}
    - target: {fileID: 2841487097320112414, guid: 2dc2d24e3a34cd044be955c5f223d555,
        type: 3}
      propertyPath: m_LocalPosition.x
      value: -1.0421259
      objectReference: {fileID: 0}
    - target: {fileID: 2841487097320112414, guid: 2dc2d24e3a34cd044be955c5f223d555,
        type: 3}
      propertyPath: m_LocalPosition.y
      value: -5.6737933
      objectReference: {fileID: 0}
    - target: {fileID: 2841487097320112414, guid: 2dc2d24e3a34cd044be955c5f223d555,
        type: 3}
      propertyPath: m_LocalPosition.z
      value: -20.228191
      objectReference: {fileID: 0}
    - target: {fileID: 2841487097320112414, guid: 2dc2d24e3a34cd044be955c5f223d555,
        type: 3}
      propertyPath: m_LocalRotation.x
      value: 0
      objectReference: {fileID: 0}
    - target: {fileID: 2841487097320112414, guid: 2dc2d24e3a34cd044be955c5f223d555,
        type: 3}
      propertyPath: m_LocalRotation.y
      value: 0
      objectReference: {fileID: 0}
    - target: {fileID: 2841487097320112414, guid: 2dc2d24e3a34cd044be955c5f223d555,
        type: 3}
      propertyPath: m_LocalRotation.z
      value: 0
      objectReference: {fileID: 0}
    - target: {fileID: 2841487097320112414, guid: 2dc2d24e3a34cd044be955c5f223d555,
        type: 3}
      propertyPath: m_LocalRotation.w
      value: 1
      objectReference: {fileID: 0}
    - target: {fileID: 2841487097320112414, guid: 2dc2d24e3a34cd044be955c5f223d555,
        type: 3}
      propertyPath: m_RootOrder
      value: 7
      objectReference: {fileID: 0}
    - target: {fileID: 2841487097320112414, guid: 2dc2d24e3a34cd044be955c5f223d555,
        type: 3}
      propertyPath: m_LocalEulerAnglesHint.x
      value: 0
      objectReference: {fileID: 0}
    - target: {fileID: 2841487097320112414, guid: 2dc2d24e3a34cd044be955c5f223d555,
        type: 3}
      propertyPath: m_LocalEulerAnglesHint.y
      value: 0
      objectReference: {fileID: 0}
    - target: {fileID: 2841487097320112414, guid: 2dc2d24e3a34cd044be955c5f223d555,
        type: 3}
      propertyPath: m_LocalEulerAnglesHint.z
      value: 0
      objectReference: {fileID: 0}
    - target: {fileID: 7892776688633876816, guid: 2dc2d24e3a34cd044be955c5f223d555,
        type: 3}
      propertyPath: m_Mesh
      value: 
      objectReference: {fileID: 0}
    - target: {fileID: 4074246354328398889, guid: 2dc2d24e3a34cd044be955c5f223d555,
        type: 3}
      propertyPath: m_havePropertiesChanged
      value: 1
      objectReference: {fileID: 0}
    - target: {fileID: 4074246354328398889, guid: 2dc2d24e3a34cd044be955c5f223d555,
        type: 3}
      propertyPath: m_isInputParsingRequired
      value: 1
      objectReference: {fileID: 0}
    m_RemovedComponents: []
  m_SourcePrefab: {fileID: 100100000, guid: 2dc2d24e3a34cd044be955c5f223d555, type: 3}
--- !u!1001 &1877149000
PrefabInstance:
  m_ObjectHideFlags: 0
  serializedVersion: 2
  m_Modification:
    m_TransformParent: {fileID: 0}
    m_Modifications:
    - target: {fileID: 32481513083573953, guid: 29bdc092e819f254fbb3b7da7ceb80cd,
        type: 3}
      propertyPath: m_Name
      value: desk
      objectReference: {fileID: 0}
    - target: {fileID: 4656771316000222437, guid: 29bdc092e819f254fbb3b7da7ceb80cd,
        type: 3}
      propertyPath: m_LocalPosition.x
      value: -6.72
      objectReference: {fileID: 0}
    - target: {fileID: 4656771316000222437, guid: 29bdc092e819f254fbb3b7da7ceb80cd,
        type: 3}
      propertyPath: m_LocalPosition.y
      value: -6.257519
      objectReference: {fileID: 0}
    - target: {fileID: 4656771316000222437, guid: 29bdc092e819f254fbb3b7da7ceb80cd,
        type: 3}
      propertyPath: m_LocalPosition.z
      value: -19.44
      objectReference: {fileID: 0}
    - target: {fileID: 4656771316000222437, guid: 29bdc092e819f254fbb3b7da7ceb80cd,
        type: 3}
      propertyPath: m_LocalRotation.x
      value: 0
      objectReference: {fileID: 0}
    - target: {fileID: 4656771316000222437, guid: 29bdc092e819f254fbb3b7da7ceb80cd,
        type: 3}
      propertyPath: m_LocalRotation.y
      value: 0
      objectReference: {fileID: 0}
    - target: {fileID: 4656771316000222437, guid: 29bdc092e819f254fbb3b7da7ceb80cd,
        type: 3}
      propertyPath: m_LocalRotation.z
      value: 0
      objectReference: {fileID: 0}
    - target: {fileID: 4656771316000222437, guid: 29bdc092e819f254fbb3b7da7ceb80cd,
        type: 3}
      propertyPath: m_LocalRotation.w
      value: 1
      objectReference: {fileID: 0}
    - target: {fileID: 4656771316000222437, guid: 29bdc092e819f254fbb3b7da7ceb80cd,
        type: 3}
      propertyPath: m_RootOrder
      value: 6
      objectReference: {fileID: 0}
    - target: {fileID: 4656771316000222437, guid: 29bdc092e819f254fbb3b7da7ceb80cd,
        type: 3}
      propertyPath: m_LocalEulerAnglesHint.x
      value: 0
      objectReference: {fileID: 0}
    - target: {fileID: 4656771316000222437, guid: 29bdc092e819f254fbb3b7da7ceb80cd,
        type: 3}
      propertyPath: m_LocalEulerAnglesHint.y
      value: 0
      objectReference: {fileID: 0}
    - target: {fileID: 4656771316000222437, guid: 29bdc092e819f254fbb3b7da7ceb80cd,
        type: 3}
      propertyPath: m_LocalEulerAnglesHint.z
      value: 0
      objectReference: {fileID: 0}
    - target: {fileID: 1069379150, guid: 29bdc092e819f254fbb3b7da7ceb80cd, type: 3}
      propertyPath: m_Mesh
      value: 
      objectReference: {fileID: 0}
    - target: {fileID: 1069379148, guid: 29bdc092e819f254fbb3b7da7ceb80cd, type: 3}
      propertyPath: m_havePropertiesChanged
      value: 1
      objectReference: {fileID: 0}
    - target: {fileID: 1069379148, guid: 29bdc092e819f254fbb3b7da7ceb80cd, type: 3}
      propertyPath: m_isInputParsingRequired
      value: 1
      objectReference: {fileID: 0}
    - target: {fileID: 3973093522128510977, guid: 29bdc092e819f254fbb3b7da7ceb80cd,
        type: 3}
      propertyPath: m_Mesh
      value: 
      objectReference: {fileID: 0}
    - target: {fileID: 3973093522128510983, guid: 29bdc092e819f254fbb3b7da7ceb80cd,
        type: 3}
      propertyPath: m_havePropertiesChanged
      value: 1
      objectReference: {fileID: 0}
    - target: {fileID: 3973093522128510983, guid: 29bdc092e819f254fbb3b7da7ceb80cd,
        type: 3}
      propertyPath: m_isInputParsingRequired
      value: 1
      objectReference: {fileID: 0}
    - target: {fileID: 3973093522257363119, guid: 29bdc092e819f254fbb3b7da7ceb80cd,
        type: 3}
      propertyPath: m_Mesh
      value: 
      objectReference: {fileID: 0}
    - target: {fileID: 3973093522257363117, guid: 29bdc092e819f254fbb3b7da7ceb80cd,
        type: 3}
      propertyPath: m_havePropertiesChanged
      value: 1
      objectReference: {fileID: 0}
    - target: {fileID: 3973093522257363117, guid: 29bdc092e819f254fbb3b7da7ceb80cd,
        type: 3}
      propertyPath: m_isInputParsingRequired
      value: 1
      objectReference: {fileID: 0}
    - target: {fileID: 3973093523334712359, guid: 29bdc092e819f254fbb3b7da7ceb80cd,
        type: 3}
      propertyPath: m_Mesh
      value: 
      objectReference: {fileID: 0}
    - target: {fileID: 3973093523334712357, guid: 29bdc092e819f254fbb3b7da7ceb80cd,
        type: 3}
      propertyPath: m_havePropertiesChanged
      value: 1
      objectReference: {fileID: 0}
    - target: {fileID: 3973093523334712357, guid: 29bdc092e819f254fbb3b7da7ceb80cd,
        type: 3}
      propertyPath: m_isInputParsingRequired
      value: 1
      objectReference: {fileID: 0}
    - target: {fileID: 8268817339045373384, guid: 29bdc092e819f254fbb3b7da7ceb80cd,
        type: 3}
      propertyPath: m_Color.r
      value: 0.8784314
      objectReference: {fileID: 0}
    - target: {fileID: 8268817339045373384, guid: 29bdc092e819f254fbb3b7da7ceb80cd,
        type: 3}
      propertyPath: m_Color.g
      value: 0.21935122
      objectReference: {fileID: 0}
    - target: {fileID: 8268817339045373384, guid: 29bdc092e819f254fbb3b7da7ceb80cd,
        type: 3}
      propertyPath: m_Color.b
      value: 0.1843137
      objectReference: {fileID: 0}
    - target: {fileID: 8268817339045373384, guid: 29bdc092e819f254fbb3b7da7ceb80cd,
        type: 3}
      propertyPath: m_Enabled
      value: 1
      objectReference: {fileID: 0}
    - target: {fileID: 8268817339508137187, guid: 29bdc092e819f254fbb3b7da7ceb80cd,
        type: 3}
      propertyPath: m_IsActive
      value: 0
      objectReference: {fileID: 0}
    m_RemovedComponents: []
  m_SourcePrefab: {fileID: 100100000, guid: 29bdc092e819f254fbb3b7da7ceb80cd, type: 3}
--- !u!1 &1914713957 stripped
GameObject:
  m_CorrespondingSourceObject: {fileID: 2323004895618408457, guid: 32ac6f7f80506df488d35ae0c8d9bfb9,
    type: 3}
  m_PrefabInstance: {fileID: 1597307200}
  m_PrefabAsset: {fileID: 0}
